<record><leader>00000cas a22000007a 4500</leader><controlfield tag="001">23194049</controlfield><controlfield tag="008">910306d18251830nyuwr ne      0    0eng d</controlfield><datafield ind1=" " ind2=" " tag="010"><subfield code="a">sn 91066038 </subfield></datafield><datafield ind1=" " ind2=" " tag="040"><subfield code="a">NYS</subfield><subfield code="b">eng</subfield><subfield code="c">NYS</subfield><subfield code="d">OCL</subfield><subfield code="d">OCLCQ</subfield><subfield code="d">OCLCF</subfield><subfield code="d">OCLCO</subfield></datafield><datafield ind1="1" ind2=" " tag="029"><subfield code="a">AU@</subfield><subfield code="b">000020124721</subfield></datafield><datafield ind1=" " ind2=" " tag="042"><subfield code="a">msc</subfield></datafield><datafield ind1=" " ind2=" " tag="043"><subfield code="a">n-us-ny</subfield></datafield><datafield ind1="0" ind2="0" tag="245"><subfield code="a">Manlius Republican.</subfield></datafield><datafield ind1=" " ind2=" " tag="260"><subfield code="a">Manlius, Onondaga Co., N.Y. :</subfield><subfield code="b">Laurin Dewey</subfield></datafield><datafield ind1=" " ind2=" " tag="300"><subfield code="a">v.</subfield></datafield><datafield ind1=" " ind2=" " tag="310"><subfield code="a">Weekly</subfield></datafield><datafield ind1="1" ind2=" " tag="362"><subfield code="a">Began in Jan. 1825? Ceased in 1830?</subfield></datafield><datafield ind1=" " ind2=" " tag="588"><subfield code="a">Description based on: Vol. 1, no. 11 (Jan. 12, 1825).</subfield></datafield><datafield ind1=" " ind2="0" tag="651"><subfield code="a">Manlius (N.Y.)</subfield><subfield code="v">Newspapers.</subfield></datafield><datafield ind1=" " ind2="7" tag="655"><subfield code="a">Newspapers.</subfield><subfield code="2">fast</subfield><subfield code="0">(OCoLC)fst01423814</subfield></datafield><datafield ind1=" " ind2="7" tag="651"><subfield code="a">New York (State)</subfield><subfield code="z">Manlius.</subfield><subfield code="2">fast</subfield><subfield code="0">(OCoLC)fst01229283</subfield></datafield><datafield ind1=" " ind2=" " tag="752"><subfield code="a">United States</subfield><subfield code="b">New York</subfield><subfield code="c">Onondaga</subfield><subfield code="d">Manlius.</subfield></datafield><datafield ind1="0" ind2="0" tag="780"><subfield code="t">Onondaga Republican (Manlius, N.Y.)</subfield><subfield code="w">(DLC)sn 91066020</subfield><subfield code="w">(OCoLC)23184859</subfield></datafield><datafield ind1="0" ind2="0" tag="785"><subfield code="t">Manlius repository</subfield><subfield code="w">(DLC)sn 83031241</subfield><subfield code="w">(OCoLC)9941686</subfield></datafield></record>